 @misc{ wiki:calor,
   author = "Wikipédia",
   title = "Calor específico --- Wikipédia{,} a enciclopédia livre",
   year = "2021",
   url = "https://pt.wikipedia.org/w/index.php?title=Calor_espec%C3%ADfico&oldid=61619901",
   note = "[Online; accessed 15-julho-2021]"
 }
 